<record><leader>00000cas a2200000 a 4500</leader><controlfield tag="001">39487417</controlfield><controlfield tag="008">980715d183u1uuumiuwr n       0    0eng c</controlfield><datafield ind1=" " ind2=" " tag="010"><subfield code="a">sn 98066348 </subfield></datafield><datafield ind1=" " ind2=" " tag="040"><subfield code="a">MHN</subfield><subfield code="b">eng</subfield><subfield code="c">MHN</subfield><subfield code="d">OCL</subfield><subfield code="d">OCLCQ</subfield><subfield code="d">OCLCF</subfield><subfield code="d">OCLCO</subfield></datafield><datafield ind1="1" ind2=" " tag="029"><subfield code="a">AU@</subfield><subfield code="b">000014094731</subfield></datafield><datafield ind1=" " ind2=" " tag="042"><subfield code="a">pcc</subfield></datafield><datafield ind1=" " ind2=" " tag="043"><subfield code="a">n-us-mi</subfield></datafield><datafield ind1="0" ind2=" " tag="130"><subfield code="a">Village record (Tecumseh, Mich.)</subfield></datafield><datafield ind1="1" ind2="0" tag="245"><subfield code="a">Village record.</subfield></datafield><datafield ind1=" " ind2=" " tag="260"><subfield code="a">Tecumseh [Mich. :</subfield><subfield code="b">S.n.]</subfield></datafield><datafield ind1=" " ind2=" " tag="300"><subfield code="a">v.</subfield></datafield><datafield ind1=" " ind2=" " tag="310"><subfield code="a">Weekly</subfield></datafield><datafield ind1=" " ind2=" " tag="580"><subfield code="a">Continues: Tecumseh Democrat? Cf. Brown, W., A union list of newspapers published in Michigan, 1954.</subfield></datafield><datafield ind1=" " ind2=" " tag="588"><subfield code="a">Description based on: May 21, 1830 [i.e. 1839].</subfield></datafield><datafield ind1=" " ind2="0" tag="651"><subfield code="a">Tecumseh (Mich.)</subfield><subfield code="v">Newspapers.</subfield></datafield><datafield ind1=" " ind2="0" tag="651"><subfield code="a">Lenawee County (Mich.)</subfield><subfield code="v">Newspapers.</subfield></datafield><datafield ind1=" " ind2="7" tag="655"><subfield code="a">Newspapers.</subfield><subfield code="2">fast</subfield><subfield code="0">(OCoLC)fst01423814</subfield></datafield><datafield ind1=" " ind2="7" tag="651"><subfield code="a">Michigan</subfield><subfield code="z">Lenawee County.</subfield><subfield code="2">fast</subfield><subfield code="0">(OCoLC)fst01211964</subfield></datafield><datafield ind1=" " ind2="7" tag="651"><subfield code="a">Michigan</subfield><subfield code="z">Tecumseh.</subfield><subfield code="2">fast</subfield><subfield code="0">(OCoLC)fst01232628</subfield></datafield><datafield ind1=" " ind2=" " tag="752"><subfield code="a">United States</subfield><subfield code="b">Michigan</subfield><subfield code="c">Lenawee</subfield><subfield code="d">Tecumseh.</subfield></datafield><datafield ind1="1" ind2="0" tag="780"><subfield code="t">Tecumseh Democrat</subfield><subfield code="w">(DLC)sn 98066344</subfield><subfield code="w">(OCoLC)39486508</subfield></datafield></record>